@online{enumref,
  title={Aufz√§hlungstyp},
  author={Wikipedia},
  url={https://de.wikipedia.org/wiki/Aufz%C3%A4hlungstyp}
}


@online{asio,
  title={Non-boost asio},
  url={https://think-async.com/Asio/asio-1.18.1/doc/}
}

@github{spdlog,
  title={SPDLOG},
  author={gabime},
  url={https://github.com/gabime/spdlog}
}

@online{sourcetrail,
  title={Source Trail},
  author={CoatiSoftware},
  url={https://www.sourcetrail.com/}
}


